@online{viewbinding,
    author = "Android",
    title = "View Binding",
    url  = "https://developer.android.com/topic/libraries/view-binding",
    addendum = "[cit. 13.03.2021]",
    keywords = "view,binding"
}

@online{databinding,
    author = "Android",
    title = "Data Binding Library",
    url  = "https://developer.android.com/topic/libraries/data-binding",
    addendum = "[cit. 13.03.2021]",
    keywords = "data,binding,view"
}

@online{materialdesign,
    author = "Google",
    title = "Material Design",
    url  = "https://material.io/design",
    addendum = "[cit. 13.03.2021]",
    keywords = "design,material"
}

@online{jetpack,
    author = "Android",
    title = "Android Jetpack",
    url  = "https://developer.android.com/jetpack",
    addendum = "[cit. 13.03.2021]",
    keywords = "jetpack,library"
}

@online{studio,
    author = "Google",
    title = "Android Studio",
    url  = "https://developer.android.com/studio",
    addendum = "[cit. 13.03.2021]",
    keywords = "android,studio"
}

@online{navigation,
    author = "Android",
    title = "Navigation",
    url  = "https://developer.android.com/guide/navigation",
    addendum = "[cit. 13.03.2021]",
    keywords = "navigation,jetpack"
}
@online{intro,
    author = "Jan Heinrich Reimer",
    title = "material-intro",
    url  = "https://github.com/heinrichreimer/material-intro",
    addendum = "[cit. 13.03.2021]",
    keywords = "intro,material"
}
@online{jost,
    author = "Google Fonts",
    title = "Jost",
    url  = "https://fonts.google.com/specimen/Jost",
    addendum = "[cit. 13.03.2021]",
    keywords = "font,jost"
}
@online{icons,
    author = "Google",
    title = "Material Design - Icons",
    url  = "https://material.io/resources/icons/",
    addendum = "[cit. 13.03.2021]",
    keywords = "icons,material"
}
@online{pill-icon,
    author = "Austin Andrews",
    title = "pill",
    url  = "https://materialdesignicons.com/icon/pill",
    addendum = "[cit. 13.03.2021]",
    keywords = "icon,pill"
}
@online{pills-icons,
    author = "ShimonHoranek",
    title = "material-icons",
    url  = "https://github.com/ShimonHoranek/material-icons",
    addendum = "[cit. 13.03.2021]",
    keywords = "icons,pill"
}
@online{resource,
    author = "Android",
    title = "App resources overview",
    url  = "https://developer.android.com/guide/topics/resources/providing-resources",
    addendum = "[cit. 13.03.2021]",
    keywords = "resource"
}
@online{easy-permissions,
    author = "googlesamples",
    title = "EasyPermissions",
    url  = "https://github.com/googlesamples/easypermissions",
    addendum = "[cit. 13.03.2021]",
    keywords = "permissions"
}
@online{imagepicker,
    author = "Dhaval Patel",
    title = "Image Picker Library for Android",
    url  = "https://github.com/Dhaval2404/ImagePicker",
    addendum = "[cit. 13.03.2021]",
    keywords = "image,picker"
}
@online{ucrop,
    author = "Yalantis",
    title = "uCrop - Image Cropping Library for Android",
    url  = "https://github.com/Yalantis/uCrop",
    addendum = "[cit. 13.03.2021]",
    keywords = "image,crop"
}
@online{livedata,
    author = "Android",
    title = "LiveData Overview",
    url  = "https://developer.android.com/topic/libraries/architecture/livedata",
    addendum = "[cit. 13.03.2021]",
    keywords = "live,data"
}
@online{,
    author = "",
    title = "",
    url  = "",
    addendum = "[cit. 13.03.2021]",
    keywords = ""
}
